
@conference{LotteryTicket,
  author    = {Jonathan Frankle and Michael Carbin},
  booktitle = {THE LOTTERY TICKET HYPOTHESIS},
  title     = {FINDING SPARSE, TRAINABLE NEURAL NETWORKS},
  year      = {2019}
}

@book{FFT,
  author = {James W. Cooley and John W. Tukey},
  title  = {An Algorithm for the Machine Calculation of Complex Fourier Series},
  year   = {1965}
}

@article{N2PS,
  author  = {Augasta, M.Gethsiyal and Kathirvalavakumar, T.},
  year    = {2011},
  month   = {12},
  pages   = {241-258},
  title   = {A Novel Pruning Algorithm for Optimizing Feedforward Neural Network of Classification Problems},
  volume  = {34},
  journal = {Neural Processing Letters},
  doi     = {10.1007/s11063-011-9196-7}
}

@article{DBLP:journals/corr/abs-2106-06955,
  author    = {Jaron Maene and
               Mingxiao Li and
               Marie{-}Francine Moens},
  title     = {Towards Understanding Iterative Magnitude Pruning: Why Lottery Tickets
               Win},
  journal   = {CoRR},
  volume    = {abs/2106.06955},
  year      = {2021},
  url       = {https://arxiv.org/abs/2106.06955},
  eprinttype = {arXiv},
  eprint    = {2106.06955},
  timestamp = {Tue, 15 Jun 2021 16:35:15 +0200},
  biburl    = {https://dblp.org/rec/journals/corr/abs-2106-06955.bib},
  bibsource = {dblp computer science bibliography, https://dblp.org}
}

@article{DBLP:journals/corr/abs-2003-03033,
  author    = {Davis W. Blalock and
               Jose Javier Gonzalez Ortiz and
               Jonathan Frankle and
               John V. Guttag},
  title     = {What is the State of Neural Network Pruning?},
  journal   = {CoRR},
  volume    = {abs/2003.03033},
  year      = {2020},
  url       = {https://arxiv.org/abs/2003.03033},
  eprinttype = {arXiv},
  eprint    = {2003.03033},
  timestamp = {Tue, 10 Mar 2020 13:33:48 +0100},
  biburl    = {https://dblp.org/rec/journals/corr/abs-2003-03033.bib},
  bibsource = {dblp computer science bibliography, https://dblp.org}
}